@book{analisismatematico,
  title={5000 problemas de analisis matematico},
  author={Demidovich, Boris Pavlovich},
  year={2003},
  publisher={Thomson, Paraninfo}
}
